@ARTICLE{DUMMY:1,
AUTHOR="A Hult &  Hult",
TITLE="Attfuskaochplagiera – Ettsättatt leva ellerettsättattöverleva? (To cheat and plagiarize–A way of living or surviving?) Linköping University: CUL-rapporter, nr 6.",
YEAR="2003",
PUBLISHER="Linköping University: CUL-rapporter",


}

@ARTICLE{
DUMMY:2,
AUTHOR="G Pavela",
TITLE="Judicial review of academic decision-making after Horowitz. School Law Journal, 55, 55-75.",
YEAR="1978",
PUBLISHER="Jerald publisher",}